
@online{kernelnewbies,
	title = "kernelnewbies.org",
	url = {http://kernelnewbies.org},
	note = "[Online; accessed 11-January-2015]",
}

@online{git,
	title = "Git",
	url = {http://git.kernel.org},
	note = "[Online; accessed 11-January-2015]",
}

@online{firstpatch,
	title = {YouTube: Write and Submit your first Linux kernel Patch},
	author = {Greg Kroah-Hartman},
	year = 2010,
	url = {https://www.youtube.com/watch?v=LLBrBBImJt4},
	note = "[Online; accessed 11-January-2015]",
}

@online{CodingStyle,
	title = {linux/Documentation/CodingStyle},
	url = {https://www.kernel.org/doc/Documentation/CodingStyle},
	note = "[Online; accessed 26-January-2015]",
}

@online{kconfig,
	title = {kconfig: localmodconfig for v2.6.32},
	url = {http://lwn.net/Articles/352241/},
	note = "[Online; accessed 11-January-2015]",
}

@online{debug-with-git,
	title = {Debugging with Git},
	url = {http://git-scm.com/book/en/v2/Git-Tools-Debugging-with-Git},
	note = "[Online; accessed 26-January-2015]",
}

@online{subsurface,
	title = "Subsurface",
	author = "Dirk Hohndel",
	url = {http://git.hohndel.org/?p=subsurface.git},
	note = "[Online; accessed 11-January-2015]",
}

@online{junio-churn,
	title = "Junio on code churn patches",
	author = "Junio C Hamano",
	url = {http://thread.gmane.org/gmane.comp.version-control.git/245133/focus=245144},
	note = "[Online; accessed 26-January-2015]",
}

@online{tso-churn,
	title = {Theodore Tso on code churn (wankery)},
	author = {Theodore Tso},
	url = {https://lkml.org/lkml/2014/6/10/819},
	note = "[Online; accessed 26-January-2015]",
}

@online{linus-trivial,
	author = {Linus Torvalds},
	title = {Linus on Trivial Patches},
	url = {https://lkml.org/lkml/2004/12/20/255},
	year = 2004,
	note = "[Online; accessed 26-January-2015]",
}

@online{onereply,
	author = "Raghu Vatsavayi",
	title = {[net-next,v3] Add support of Cavium Liquidio ethernet adapters},
	url = {https://patchwork.ozlabs.org/patch/422749/},
	year = 2014,
	note = "[Online; accessed 26-January-2015]",
}

@online{topposting,
	title = "On Top (top posting)",
	author = "John Gruber",
	url = {http://daringfireball.net/2007/07/on_top},
	note = "[Online; accessed 26-January-2015]",
}

@online{kroah2005top,
	author = "Greg Kroah-Hartman",
	title = "Kroah on Top Posting",
	year = 2005,
	url = {http://lkml.org/lkml/2005/1/11/111},
	note = "[Online; accessed 11-January-2015]",
}
