
@online{githubactions,
	title = "Github Actions",
	url = {https://docs.github.com/en/actions},
	note = "[Online; accessed 13-September-2020]",
}

@online{gotest,
	title = "Golang Unit Tests",
	url = {https://github.com/jmahler/rgm/blob/master/.github/workflows/test.yml#L54-L62},
	note = "[Online; accessed 13-September-2020]",
}
