
@online{libgit2,
	title = "libgit2.org",
	url = {https://libgit2.org/},
	note = "[Online; accessed 2-March-2020]",
}

@online{git2go,
	title = "github.com/libgit2/git2go",
	url = {https://github.com/libgit2/git2go},
	note = "[Online; accessed 2-March-2020]",
}

@online{go-git,
	title = "github.com/src-d/go-git",
	url = {https://github.com/src-d/go-git},
	note = "[Online; accessed 2-March-2020]",
}

@online{go-gitdoc,
	title = "go-git.v4 GoDoc",
	url = {https://godoc.org/gopkg.in/src-d/go-git.v4},
	note = "[Online; accessed 2-March-2020]",
}

@online{git2godoc,
	title = "git2go GoDoc",
	url = {https://godoc.org/github.com/libgit2/git2go},
	note = "[Online; accessed 2-March-2020]",
}

@online{go-gitdoc-clone,
	title = {go-git.v4\#Clone},
	url = {https://godoc.org/gopkg.in/src-d/go-git.v4#Clone},
	note = "[Online; accessed 2-March-2020]",
}

@online{git2godoc-clone,
	title = {git2go\#Clone},
	url = {https://godoc.org/github.com/libgit2/git2go#Clone},
	note = "[Online; accessed 2-March-2020]",
}

@online{ben.straub-clone,
	title = "libgit2: Cloning | Ben Straub",
	url = {https://ben.straub.cc/2013/02/01/stupid-libgit2-tricks-cloning/},
	note = "[Online; accessed 2-March-2020]",
}

@online{libgit2101-clone,
	title = "libgit2 101 - Clone",
	url = {https://libgit2.org/docs/guides/101-samples/#repositories_clone_simple},
	note = "[Online; accessed 2-March-2020]",
}

@online{mgmirrgit2go,
	title = "github.com/jmahler/mgmirr/tree/git2go",
	url = {https://github.com/jmahler/mgmirr/tree/git2go},
	note = "[Online; accessed 2-March-2020]",
}

@online{mgmirrgo-git,
	title = "github.com/jmahler/mgmirr/tree/go-git",
	url = {https://github.com/jmahler/mgmirr/tree/go-git},
	note = "[Online; accessed 2-March-2020]",
}

@online{mgmirr,
	title = "github.com/jmahler/mgmirr",
	url = {https://github.com/jmahler/mgmirr},
	note = "[Online; accessed 2-March-2020]",
}

@online{logical-change,
	title = "Linux: Seperate each logical change into a seperate patch",
	url = {https://www.kernel.org/doc/Documentation/process/submitting-patches.rst},
	note = "[Online; accessed 11-March-2020]",
}
