
@online{lkml201564703,
	title = "LKML: Interaction issue of intel wifi and broadcom bluetooth",
	url = {https://lkml.org/lkml/2015/6/4/703},
	note = "[Online; accessed 05-June-2015]",
}

@misc{wiki:bt,
	author = "Wikipedia",
	title = "Bluetooth --- {W}ikipedia{,} The Free Encyclopedia",
	year = "2015",
	url = "http://en.wikipedia.org/wiki/Bluetooth",
	note = "[Online; accessed 05-June-2015]"
}

@misc{wiki:802.11n,
	author = "Wikipedia",
	title = "IEEE 802.11n-2009 --- {W}ikipedia{,} The Free Encyclopedia",
	year = "2015",
	url = "http://en.wikipedia.org/wiki/IEEE_802.11n-2009",
	note = "[Online; accessed 05-June-2015]"
}

@online{lkml201565137,
	title = "LKML: (Arend van Spriel) Interaction issue of intel wifi and broadcom bluetooth",
	url = {https://lkml.org/lkml/2015/6/5/137},
	note = "[Online; accessed 05-June-2015]",
}

@online{bluetooth-coexistence,
	title = "802.11 Bluetooth coexistence",
	url = {https://wireless.wiki.kernel.org/en/users/documentation/bluetooth-coexistence},
	note = "[Online; accessed 05-June-2015]",
}
