
@online{github-actions,
	title = "GitHub Actions Documentation",
	url = {https://help.github.com/en/actions},
	note = "[Online; accessed 30-April-2020]",
}

@online{gitlab-ci,
	title = "GitLab CI/CD Documentation",
	url = {https://docs.gitlab.com/ee/ci/},
	note = "[Online; accessed 30-April-2020]",
}

@online{github-jmahler-resume,
	title = "github.com/jmahler/resume",
	url = {https://github.com/jmahler/resume},
	note = "[Online; accessed 30-April-2020]",
}

@online{github-jmahler-resume-build.yml,
	title = "gitlab.com/jmmahler/resume build.yml",
	url = {https://github.com/jmahler/resume/blob/master/.github/workflows/build.yml},
	note = "[Online; accessed 30-April-2020]",
}

@online{github-resume-build-91697435,
	title = "GitHub resume build job 91697435",
	url = {https://github.com/jmahler/resume/actions/runs/91697435},
	note = "[Online; accessed 30-April-2020]",
}

@online{gitlab-jmmahler-resume,
	title = "gitlab.com/jmmahler/resume",
	url = {https://gitlab.com/jmmahler/resume},
	note = "[Online; accessed 30-April-2020]",
}

@online{gitlab-jmmahler-resume-gitlab-ci.yml,
	title = "gitlab.com/jmmahler/resume gitlab-ci.yml",
	url = {https://gitlab.com/jmmahler/resume/-/blob/master/.gitlab-ci.yml},
	note = "[Online; accessed 30-April-2020]",
}

@online{gitlab-resume-build-533777462,
	title = "GitLab resume build job 533777462",
	url = {https://gitlab.com/jmmahler/resume/-/jobs/533777462},
	note = "[Online; accessed 30-April-2020]",
}


