
@online{cups,
	title = "cups.org",
	url = {http://cups.org},
	note = "[Online; accessed 04-June-2015]",
}
